@article{wong2022,
    author = {A Wong},
    title = {The Design of an Intelligent Chatbot with Natural Language Processing Capabilities to Support Learners},
    journal = {Journal of Physics},
    year = {2022}
}

@article{kaiss2023,
    author = {W Kaiss and K Mansouri and F Poirier},
    title = {Effectiveness of an Adaptive Learning Chatbot on Students’ Learning Outcomes Based on Learning Styles},
    journal = {International Journal of Emerging Technologies in Learning (iJET)},
    year = {2023}
}

@article{bocklisch2017,
    author = {T Bocklisch and J Faulkner and N Pawlowski and A Nichol},
    title = {Rasa: Open Source Language Understanding and Dialogue Management},
    journal = {NIPS 2017 Conversational AI workshop},
    year = {2017}
}

@hidden{carayannopoulos2018,
    author = {S Carayannopoulos},
    title = {Using chatbots to aid transition},
    journal = {The International Journal of Information and Learning Technology},
    year = 2018
}

@hidden{clarizia2018,
    author = {F Clarizia and F Colace and M Lombardi and F Pascale and D Santaniello},
    title = {Chatbot: An education support system for student},
    journal = {International Symposium on Cyberspace Safety and Security},
    year = 2018,
    publisher = {Springer},
    pages = {291-302}
}

@hidden{van2017,
    title = {How do students and lecturers experience the interactive use of handheld technology in large enrolment courses?},
    author = {T Van Daele and C Frijns and J Lievens},
    year = {2017},
    journal = {British Journal of Educational Technology},
    volume = 4,
    pages = {1318-1319}
}

@hidden{suleman2016,
    author = {R M SULEMAN and R MIZOGUCHI and M IKEDA},
    title = {A new perspective of negotiation-based dialog to enhance metacognitive skills in the context of open learner models},
    journal = {International Journal of Artificial Intelligence in Education},
    year = {2016},
    volume = 26,
    pages = {1069-1115}
}

@hidden{coleman2017,
    author = {E Coleman and S Mtshazi},
    title = {Factors affecting the use and non-use of Learning Management Systems (LMS) by academic staff},
    journal = {South African Computer Journal},
    year = {2017},
    volume = 29,
    pages = {31-63}
}

@hidden{biggs2001,
    author = {J Biggs and D Kember and D Y Leung},
    title = {The revised two‐factor study process questionnaire: R‐SPQ‐2F},
    journal = {British journal of educational psychology},
    year = {2001},
    volume = 71,
    pages = {133-149}
}

@hidden{wales2008,
    author = {T Wales and P Robertson},
    title = {Captivating Open University Students with Online Literature Search Tutorials Created Using Screen Capture Software},
    journal = {Program: Electronic Library and Information Systems},
    year = {2008},
    volume = 42,
    pages = {365-381}
}

@hidden{fryer2006,
    author = {L Fryer and R Carpenter},
    title = {Bots as language learning tools},
    journal = {Language Learning & Technology},
    year = {2006},
    volume = 10,
    pages = {8-14}
}

@hidden{tseng2018,
    author = {J-J Tseng},
    title = {Exploring TPACK-SLA interface: Insights from the computer-enhanced classroom},
    journal = {Computer Assisted Language Learning},
    year = {2018},
    volume = 31,
    pages = {390-412}
}

@hidden{udupi2016,
    author = {P K Udupu and P Malali and H Noronha},
    title = {Big data integration for transition from e-learning to smart learning framework},
    journal = {Proceedings of the 3rd MEC International Conference on Big Data and Smart City (ICBDSC)},
    year = {2016},
    pages = {1-4}
}

@hidden{hasibuan2016,
    author = {M S Hasibuan and L Nugroho},
    title = {Detecting learning style using hybrid model},
    journal = {Proceedings of the IEEE Conference on e-Learning, e-Management and e-Services (IC3e)},
    year = {2016},
    pages = {107-111}
}

@hidden{felder1988,
    author = {R M Felder and L K Silverman},
    title = {Learning and teaching styles in engineering education},
    journal = {Engineering Education},
    year = {1988},
    volume = 78,
    pages = {674-681}
}

@hidden{cruz2013,
    author = {Y Cruz},
    title = {Examining the effect of learning styles on mobile learning adoption},
    journal = {Proceedings of the IEEE 13th International Conference on Advanced Learning Technologies},
    year = {2013},
    pages = {510-511}
}

@hidden{pashler2008,
    author = {H Pashler and M A Mcdaniel and D Rohrer and R A Bjork},
    title = {Learning styles: Concepts and evidence},
    journal = {Psychological Science in the Public Interest},
    year = {2008},
    volume = 9,
    pages = {105-191}
}

@hidden{honey1992,
    author = {P Honey and A Mumford},
    title = {The Manual of Learning Styles},
    year = {1992}
}

@hidden{dunn1990,
    author = {R Dunn},
    title = {Understanding the Dunn and Dunn learning styles model and the need for individual diagnosis and prescription},
    journal = {Journal of Reading, Writing, and Learning Disabilities International},
    year = {1990},
    volume = 6,
    pages = {188-197}
}

@hidden{pask2011,
    author = {G Pask},
    title = {Styles and strategies of learning},
    journal = {British Journal of Educational Psychology},
    year = {2011},
    volume = 46,
    pages = {128-148}
}

@hidden{carver1999,
    author = {C A Carver and R A Howard and W D Lane},
    title = {Enhancing student learning through hypermedia courseware and incorporation of student learning styles},
    journal = {IEEE Transactions on Education},
    year = {1999},
    volume = 42,
    pages = {33-38}
}

@hidden{garcia2007,
    author = {P Garcia and A Amandi and S Schiaffino and M R Campo},
    title = {Evaluating Bayesian network's precision for detecting student's learning styles},
    journal = {Computers & Education},
    year = {2007},
    volume = 49,
    pages = {794-808}
}

@hidden{lu2007,
    author = {J Lu},
    title = {A personalized e-learning material recommender system},
    journal = {2nd International Conference on Information Technology for Application (ICITA 2004)},
    year = {2007},
    pages = {374-279}
}

@hidden{hwang2013,
    author = {G -J Hwang and H -Y Sung and C -M and I Huang},
    title = {A learning style perspective to investigate the necessity of developing adaptive learning systems},
    journal = {Educational Technology & Society},
    year = {2013},
    volume = 16,
    pages = {188-197}
}

@hidden{chollet2015,
    author = {F Chollet and others},
    title = {Keras},
    year = {2015}
}

@hidden{joulin2016,
    author = {A Joulin and E Grave and P Bojanowski and T Mikolov},
    title = {Bag of tricks for efficient text classification},
    year = {2016}
}

@hidden{pedregosa2011,
    author = {F Pedregosa and G Varoquaux and A Gramfort and V Michel and B Thirion and O Grisel and M Blondel and P Prettenhofer and R Weiss and V Dubour},
    title = {Scikit-learn: Machine learning in python},
    journal = {Journal of Machine Learning Research},
    year = {2011}
}

@hidden{pennington2014,
    author = {J Pennington and R Socher and C Manning},
    title = {Glove: Global vectors for word representation},
    journal = {Proceedings of the 2014 conference on empirical methods in natural language processing (EMNLP)},
    year = {2014}
}

@article{briel2021,
    author = {A Briel},
    title = {Toward an eclectic and malleable multiagent educational assistant},
    journal = {Computer Applications in Engineering Education},
    volume = {30},
    pages = {163-173},
    year = {2021}
}

@hidden{cui2017,
    author = {L Cui and S Huang and F Wei and C Tan and C Duan and M Zhou},
    title = {SuperAgent: A customer service chatbot for e‐commerce websites},
    year = {2017},
    pages = {97-102}
}

@hidden{wang2013,
    author = {Y F Wang and S Petrina},
    title = {Using learning analytics to understand the design of an intelligent language tutor—Chatbot Lucy},
    journal = {International Journal of Advanced Computer Science and Applications},
    year = {2013}
}
